@book{commission_report_2017,
	title        = {Charity Commission Annual Report 2017-2018},
	author       = {{The Charity Commission for England and Wales}},
	year         = 2018,
	month        = {Jul},
	url          = {https://assets.publishing.service.gov.uk/government/uploads/system/uploads/attachment_data/file/724952/CC_Annual-Report-Accounts-2017-18_A4_web.pdf}
}
@book{commission_report_2019,
	title        = {Charity Commission Annual Report 2019-2020},
	author       = {{The Charity Commission for England and Wales}},
	year         = 2020,
	month        = {Jul},
	url          = {https://assets.publishing.service.gov.uk/government/uploads/system/uploads/attachment_data/file/901690/Charity_Commission_Annual_Report_and_Accounts_2019_to_2020.pdf}
}
@book{commission_report_2022,
	title        = {Charity Commission Annual Report and Accounts 2021-22},
	author       = {{The Charity Commission for England and Wales}},
	year         = 2022,
	month        = {Jul},
	day          = 14,
	url          = {https://assets.publishing.service.gov.uk/government/uploads/system/uploads/attachment_data/file/1090647/Charity_Commission_Annual_Report_and_Accounts_published.pdf}
}
@book{value_of_charity_sector_2017,
	title        = {Charity Commission and frontier economics 1 THE VALUE OF THE CHARITY SECTOR An overview},
	author       = {{The Charity Commission for England and Wales and Frontier Economics}},
	year         = 2019,
	month        = {Sep},
	url          = {https://assets.publishing.service.gov.uk/government/uploads/system/uploads/attachment_data/file/835686/Value_of_Charity_-_Oct_19_-_published.pdf}
}
@misc{national_archives_1853_1960,
	title        = {Charity Commission 1853-1960},
	author       = {{The National Archives}},
	journal      = {discovery.nationalarchives.gov.uk},
	url          = {https://discovery.nationalarchives.gov.uk/details/record?catid=944&catln=2},
	note         = {Information taken from the biographical background rather than the archive itself.}
}
@misc{charities_act_2006_introduction,
	title        = {{Charities Act 2006, Introduction}},
	author       = {{Her Majesty's Government}},
	year         = 2006,
	url          = {https://www.legislation.gov.uk/ukpga/2006/50/made}
}
@misc{charities_act_2011_section_4_public_benefit,
	title        = {{Charities Act 2011, Part 1, Chapter 1, Section 4 - The public benefit requirement}},
	author       = {{Her Majesty's Government}},
	year         = 2011,
	url          = {https://www.legislation.gov.uk/ukpga/2011/25/made}
}
@misc{charities_act_2011_section_3_purpose,
	title        = {{Charities Act 2011, Part 1, Chapter 1, Section 3 - Descriptions of purposes}},
	author       = {{Her Majesty's Government}},
	year         = 2011,
	url          = {https://www.legislation.gov.uk/ukpga/2011/25/made}
}
@misc{charities_act_2011_section_206_governing_doc,
	title        = {{Charities Act 2011, Part 11, Chapter 1, Section 206 - Constitution}},
	author       = {{Her Majesty's Government}},
	year         = 2011,
	url          = {https://www.legislation.gov.uk/ukpga/2011/25/made}
}
@misc{charities_act_2011_section_223_trustee_responsibilities,
	title        = {{Charities Act 2011, Part 11, Chapter 2, Section 223 - Regulations about procedure of CIOs}},
	author       = {{Her Majesty's Government}},
	year         = 2011,
	url          = {https://www.legislation.gov.uk/ukpga/2011/25/made}
}
@misc{gov_uk_example_trustee_docs,
	title        = {Setting up a charity: model governing documents},
	author       = {{The The Charity Commission for England}},
	year         = 2022,
	month        = {Oct},
	day          = 11,
	journal      = {GOV.UK},
	url          = {https://www.gov.uk/government/publications/setting-up-a-charity-model-governing-documents}
}
@booklet{essential_trustees_guide,
	title        = {The essential trustee: what you need to know, what you need to do},
	author       = {{The Charity Commission for England and Wales}},
	year         = 2018,
	month        = {May},
	journal      = {GOV.UK},
	url          = {https://www.gov.uk/government/publications/the-essential-trustee-what-you-need-to-know-cc3/the-essential-trustee-what-you-need-to-know-what-you-need-to-do}
}
@misc{gov_uk_disqualifying_reasons,
	title        = {Automatic disqualification rules for charity trustees and charity senior positions},
	author       = {{The Charity Commission for England and Wales}},
	year         = 2018,
	month        = {Jan},
	journal      = {GOV.UK},
	url          = {https://www.gov.uk/guidance/automatic-disqualification-rules-for-charity-trustees-and-charity-senior-positions#the-automatic-disqualification-rules}
}
@misc{hmrc_fit_and_proper_test,
	title        = {Tax relief when you donate to a charity},
	author       = {Government Digital Service},
	year         = 2012,
	month        = {Jan},
	journal      = {GOV.UK},
	url          = {https://www.gov.uk/donating-to-charity/gift-aid}
}
@misc{gov_uk_annual_report_doc,
	title        = {Prepare a charity trustees' annual report},
	author       = {{The The Charity Commission for England and Wales}},
	year         = 2013,
	month        = {05},
	journal      = {GOV.UK},
	url          = {https://www.gov.uk/guidance/prepare-a-charity-trustees-annual-report}
}
@misc{charities_act_2011_section_191_liabilities,
	title        = {{Charities Act 2011, Part 9, Section 191 - Commission’s power to relieve trustees and auditors etc. from liability}},
	author       = {{Her Majesty's Government}},
	year         = 2011,
	url          = {https://www.legislation.gov.uk/ukpga/2011/25/made}
}
@article{hyndman_jones_2011,
	title        = {Editorial: Good governance in charities— some key issues},
	author       = {Hyndman, Noel and Jones, Ray},
	year         = 2011,
	month        = {May},
	journal      = {Public Money \& Management},
	volume       = 31,
	number       = 3,
	pages        = {151–155},
	doi          = {https://doi.org/10.1080/09540962.2011.573207}
}
@misc{charity_governance_code_2020_section_7,
	title        = {Charity Governance Code Section 7. Openness and accountability},
	author       = {{Charity Governance Code}},
	year         = 2020,
	month        = {Dec},
	journal      = {Charity Governance Code},
	url          = {https://www.charitygovernancecode.org/en/7-openness-and-accountability}
}
@misc{gov_uk_commission_alerts,
	title        = {Charity Commission alerts, decisions, reports and statements},
	author       = {{The The Charity Commission for England}},
	year         = 2022,
	month        = {Feb},
	journal      = {GOV.UK},
	url          = {https://www.gov.uk/government/collections/charity-commission-reports-decisions-alerts-and-statements}
}
@misc{ashley_foundation_finance,
	title        = {THE ASHLEY FOUNDATION, Charity number: 1063208},
	journal      = {register-of-charities.charitycommission.gov.uk},
	url          = {https://register-of-charities.charitycommission.gov.uk/charity-search/-/charity-details/3940025/financial-history}
}
@misc{ashley_foundation_report,
	title        = {Charity Inquiry: The Ashley Foundation},
	author       = {{The The Charity Commission for England and Wales}},
	year         = 2023,
	month        = {Jan},
	journal      = {GOV.UK},
	url          = {https://www.gov.uk/government/publications/charity-inquiry-the-ashley-foundation}
}
@article{ashley_foundation_butler_2023,
	title        = {Ex-homelessness charity bosses get 15-year ban for misuse of funds},
	author       = {Butler, Patrick},
	year         = 2023,
	month        = {Jan},
	journal      = {The Guardian},
	url          = {https://www.theguardian.com/society/2023/jan/14/ex-homelessness-charity-bosses-get-15-year-ban-for-misuse-of-funds}
}
@article{ashley_foundation_bbc,
	year         = 2023,
	month        = {Jan},
	journal      = {BBC News},
	url          = {https://www.bbc.co.uk/news/uk-england-lancashire-64264952}
}
@misc{animal_rescue_report,
	title        = {Charity Inquiry: The Retreat Animal Rescue},
	author       = {{The The Charity Commission for England and Wales}},
	year         = 2021,
	month        = {Aug},
	journal      = {GOV.UK},
	url          = {https://www.gov.uk/government/publications/charity-inquiry-the-retreat-animal-rescue/charity-inquiry-the-retreat-animal-rescue}
}
@misc{animal_rescue_finance,
	title        = {THE RETREAT ANIMAL RESCUE, Charity number: 1105654},
	journal      = {register-of-charities.charitycommission.gov.uk},
	url          = {https://register-of-charities.charitycommission.gov.uk/charity-search/-/charity-details/4009138/financial-history}
}
@article{cloudflare_client_vs_server_side,
	title        = {What Do Client-Side and Server-Side Mean?},
	author       = {{Cloudflare Inc}},
	journal      = {Cloudflare Learning},
	url          = {https://www.cloudflare.com/learning/serverless/glossary/client-side-vs-server-side/}
}
@mastersthesis{muittari_2020,
	title        = {Modern Web Back-End: What happens in the back end of the web application?},
	author       = {Joel Muittari},
	year         = 2020,
	month        = {Spring},
	school       = {Oulu University of Applied Sciences}
}
@book{jacobson_brail_woods_2012,
	title        = {APIs : a strategy guide},
	author       = {Jacobson, Daniel and Brail, Greg and Woods, Dan},
	year         = 2012,
	publisher    = {O’reilly},
	pages        = {2–19},
	isbn         = 9781449308926,
	place        = {Sebastopol}
}
@misc{techopedia_orm_definition,
	title        = {What is object-relational mapping (orm)?},
	journal      = {Techopedia.com},
	url          = {https://www.techopedia.com/definition/24200/object-relational-mapping--orm}
}
@misc{stackoverflow_dev_survey_2021,
	title        = {Stack Overflow Developer Survey 2021},
	author       = {Stackoverflow},
	year         = 2021,
	month        = {May},
	journal      = {Stack Overflow},
	url          = {https://insights.stackoverflow.com/survey/2021#most-popular-technologies-webframe-prof}
}
@misc{statisticsanddata_backend_frameworks_2021,
	title        = {Most Popular Backend frameworks – 2012/2022},
	journal      = {Statistics & Data},
	url          = {https://statisticsanddata.org/data/most-popular-backend-frameworks-2012-2022/}
}
@misc{otwell_2015,
	title        = {Laravel - The PHP Framework For Web Artisans},
	author       = {Otwell, Taylor},
	year         = 2015,
	journal      = {Laravel.com},
	url          = {https://laravel.com/}
}
@misc{django_docs,
	title        = {Making Queries - Django documentation},
	author       = {Django},
	journal      = {docs.djangoproject.com},
	url          = {https://docs.djangoproject.com/en/4.1/topics/db/queries/}
}
@misc{flask_docs,
	title        = {SQLAlchemy in Flask — Flask Documentation (2.2.x)},
	author       = {Flask},
	journal      = {flask.palletsprojects.com},
	url          = {https://flask.palletsprojects.com/en/2.2.x/patterns/sqlalchemy/}
}
@misc{vivah_2019,
	title        = {THE BEGINNER’S GUIDE: Understanding Node.js \& Express.js fundamentals},
	author       = {Vivah, Linda},
	year         = 2019,
	month        = {Sep},
	journal      = {Medium},
	url          = {https://medium.com/@LindaVivah/the-beginners-guide-understanding-node-js-express-js-fundamentals-e15493462be1}
}
@misc{monocubed_2021_best_frontend_frameworks,
	title        = {10 Best Front end Frameworks for Web Development in 2022},
	author       = {Monocubed},
	year         = 2021,
	journal      = {monocubed.com},
	url          = {https://www.monocubed.com/blog/best-front-end-frameworks/}
}
@misc{react_docs,
	title        = {Components and Props - React Docs},
	year         = 2019,
	journal      = {Reactjs.org},
	url          = {https://reactjs.org/docs/components-and-props.html}
}
@misc{goncharenko_2022,
	title        = {Vue vs. React - Comparison of Two Most Popular JS Frameworks},
	author       = {Goncharenko, Oleg},
	year         = 2022,
	month        = {Sep},
	journal      = {brocoders.com},
	url          = {https://brocoders.com/blog/vue-vs-react/}
}
@book{korakitis_muir_jones_condon,
	title        = {State of the Developer Nation: 22nd Edition},
	author       = {Korakitis, Konstantinos and Muir, Richard and Jones, Simon and Condon, Michael},
	url          = {https://slashdata-website-cms.s3.amazonaws.com/sample_reports/VZtJWxZw5Q9NDSAQ.pdf},
	institution  = {Developer Nation}
}
@book{waterfall_method,
	title        = {Ideas That Created the Future: Managing the Development of Large Software Systems},
	year         = 2021,
	month        = feb,
	publisher    = {The {MIT} Press},
	doi          = {10.7551/mitpress/12274.003.0035},
	url          = {https://doi.org/10.7551/mitpress/12274.003.0035},
	editor       = {Harry R. Lewis}
}
@misc{magic_minutes_website,
	title        = {{Online Note Taking - Meeting Software}},
	author       = {{Magic Minutes LTD}},
	journal      = {{Magic Minutes}},
	url          = {https://www.magicminutes.co.uk/}
}
@misc{OSM_website,
	title        = {{Online Scout Manager}},
	author       = {{Online Youth Manager Ltd.}},
	journal      = {{Online Scout Manager}},
	url          = {https://www.onlinescoutmanager.co.uk/}
}
@misc{sums_website,
	title        = {SUMS - Students’ Union Management System},
	author       = {{SUMS}},
	journal      = {{SUMS}},
	url          = {https://sums.digital/}
}
@book{charity_constitution_cio,
	title        = {{Constitution of a Charitable Incorporated Organisation whose only voting members are its charity trustees}},
	author       = {{The Charity Commission for England and Wales}},
	year         = 2016,
	month        = {Oct},
	journal      = {Gov.uk},
	pages        = {8–31},
	url          = {https://assets.publishing.service.gov.uk/government/uploads/system/uploads/attachment_data/file/1076199/foundation_model_constitution_280422.pdf},
	institution  = {{Gov.uk}}
}
@misc{charities_act_2011_section_204_cio,
	title        = {{Charities Act 2011, Part 11, Section 204-250 - Charitable incorporated organisations (CIOs)}},
	author       = {{Her Majesty's Government}},
	year         = 2011,
	url          = {https://www.legislation.gov.uk/ukpga/2011/25/part/11/made}
}

@misc{vistra_2019, title={{4 types of legal structure for a charity}}, url={https://www.vistra.com/insights/4-types-legal-structure-charity}, journal={{Vistra}}, author={{Vistra}}, year={2019}, month={Apr} }



@misc{guru_laravel_pros_cons, title={The Pros and Cons of Laravel - Guru Blog}, url={https://www.guru.com/blog/the-pros-and-cons-of-laravel/}, journal={guru.com}, author={Staff, Guru}, year={2021}, month={Dec} }

@misc{MoSCoW_productplan_2018, title={What is MoSCoW Prioritization?}, url={https://www.productplan.com/glossary/moscow-prioritization/}, journal={Productplan.com}, author={ProductPlan}, year={2018} }

@misc{charity_commission_making_decisions, title={Charity meetings: making decisions and voting}, url={https://www.gov.uk/guidance/charity-meetings-making-decisions-and-voting#how-trustees-make-decisions}, journal={{GOV.UK}}, publisher={{The Charity Commission for England and Wales}}, year={2013}, month={May} }

@misc{bootstrap_homepage, title={Bootstrap}, url={https://getbootstrap.com/}, journal={Getbootstrap.com}, author={Otto, Mark}, year={2022} }

@misc{otto_thornton_bootstrap_2021, title={Accessibility}, url={https://getbootstrap.com/docs/5.0/getting-started/accessibility/}, journal={getbootstrap.com}, author={Otto, Mark and Thornton, Jacob and Bootstrap}, year={2021}, month={May} }

@misc{react_bootstrap_2023, title={react-bootstrap}, url={https://www.npmjs.com/package/react-bootstrap}, journal={npm}, author={React Bootstrap}, year={2023}, month={Apr} }

@misc{styled_components_2022, title={styled-components}, url={https://www.npmjs.com/package/styled-components}, journal={npm}, author={Styled Components}, year={2022}, month={Apr} }

@misc{react-router, url={https://www.npmjs.com/package/react-router}, journal={npm} }

@misc{quackit, title={List of JSON Databases}, url={https://www.quackit.com/json/tutorial/list_of_json_databases.cfm}, journal={www.quackit.com}, author={quackit.com} }

@misc{himanshu_2021, title={Implement Auto-save with JavaScript}, url={https://medium.com/@pellucidhimanshu/implement-auto-save-with-javascript-react-835e88262c60}, journal={Medium}, author={Himanshu}, year={2021}, month={Dec} }

@misc{microsoft_playwright, title={Fast and reliable end-to-end testing for modern web apps | Playwright}, url={https://playwright.dev/}, journal={playwright.dev}, author={Microsoft} }

@misc{phpunit, title={PHPUnit – The PHP Testing Framework}, url={https://phpunit.de/}, journal={phpunit.de}, publisher={Sebastian Bergmann}, author={Sebastian Bergmann} }

@article{butler_2023, title={UK food bank charity reports record take-up amid cost of living crisis}, url={https://www.theguardian.com/society/2023/apr/26/uk-food-bank-charity-reports-record-take-up-amid-cost-of-living-crisis}, journal={The Guardian}, author={Butler, Patrick}, year={2023}, month={Apr} }

@misc{tuama_2022, title={What is the Difference Between Web App \& Mobile App?}, url={https://codeinstitute.net/blog/web-app-vs-mobile-app/}, journal={Code Institute Global}, author={Tuama, Daragh Ó}, year={2022}, month={Aug} }